@inproceedings{Wadinger:cdc:2023,
  title     = {Adaptable and Interpretable Framework for Novelty Detection in Real-Time IoT Systems},
  author    = {Marek Wadinger and Michal Kvasnica},
  booktitle = {Proceedings of the 62nd IEEE Conference on Decision and Control, Singapore},
  year      = {2023},
  note      = {under review}
}
